@article{ronKohavi,
	title={Glossary of terms},
	author={Kohavi, Ron and Provost, Foster},
	journal={Machine Learning},
	volume={30},
	number={2-3},
	pages={271--274},
	year={1998}
}

@book{bigData,
	title={Too Big to Ignore: The Business Case for Big Data},
	author={Simon, Phil},
	isbn={9781118641866},
	lccn={2013008662},
	series={Wiley and SAS Business Series},
	url={https://books.google.co.uk/books?id=1ekYIAoEBrEC},
	year={2013},
	publisher={Wiley}
}

@ONLINE{mlOpt,
	author = {Munoz, Andres},
	title = {Machine Learning and Optimization{@ONLINE}},
	month = {Dec},
	year = {2012},
	url = {https://www.cims.nyu.edu/~munoz/files/ml\_optimization.pdf}
}

@article{Valiant,
	title={A theory of the learnable},
	author={Valiant, Leslie G},
	journal={Communications of the ACM},
	volume={27},
	number={11},
	pages={1134--1142},
	year={1984},
	publisher={ACM}
}
@book{ART,
	title={Auto Red Team: a network attack automation framework based on Decision Tree},
	author={Lu, Song},
	year={2008},
	publisher={Iowa State University}
}

@misc{CNNperf,
	title={Classification Performance of Convolutional Neural Networks},
	author={Mattsson, Niklas},
	year={2016}
}

@misc{NLP,
	title={Method for natural language data processing using morphological and part-of-speech information},
	author={Black, J.E. and Zernik, U.},
	url={http://www.google.com/patents/US5331556},
	year={1994},
	month=jul # "~19",
	publisher={Google Patents},
	note={US Patent 5,331,556}
}

@misc{blackhatnmap,
	title={NMAP Cluster},
	author={Blackhat USA,  CylanceSPEAR},
	year={2016},
	URL={https://github.com/CylanceSPEAR/NMAP-Cluster}
}

@article{manualclassifying,
	title={Lessons learned from manually classifying CIFAR-10},
	author={Karpathy, Andrej},
	url={http://karpathy.github.io/2011/04/27/manually-classifying-cifar10/},
	year={2011}
}

@article{Gobot,
	title={AlphaGo},
	author={DeepMind},
	year={2016},
	url={https://deepmind.com/alpha-go}
}

@article{DeepLearning,
	title={Deep learning},
	author={LeCun, Yann and Bengio, Yoshua and Hinton, Geoffrey},
	journal={Nature},
	volume={521},
	number={7553},
	pages={436--444},
	year={2015},
	publisher={Nature Research}
}

@article{autoML,
	title={The Current State of Automated Machine Learning},
	author={Mayo, Matthew},
	month={March},
	year={2017},
	url={http://www.kdnuggets.com/2017/01/current-state-automated-machine-learning.html}
}

@article{auto-skl,
	title={Contest Winner: Winning the AutoML Challenge with Auto-sklearn},
	author={Matthias Feurer,  Aaron Klein, Frank Hutter},
	publisher={University of Freiburg},
	year={2016},
	url={http://www.kdnuggets.com/2016/08/winning-automl-challenge-auto-sklearn.html}
}

@book{pythonML,
	title={Introduction to Machine Learning in Python with scikit-learn},
	author={Rossant, Cyrille},
	year={2014},
	publisher={Packt Publishing},
	url={http://ipython-books.github.io/featured-04/}
}

@article{timeline,
	title={A 'Brief' History of Game AI Up To AlphaGo, Part 1},
	author={Kurenkov, Andrey},
	year={2016},
	url={http://www.andreykurenkov.com/writing/a-brief-history-of-game-ai/}
}

@article{probabilityPCA,
  title={Mixtures of probabilistic principal component analyzers},
  author={Tipping, Michael E and Bishop, Christopher M},
  journal={Neural computation},
  volume={11},
  number={2},
  pages={443--482},
  year={1999},
  publisher={MIT Press}
}

@article{normalization,
  title={Normalization: A Preprocessing Stage},
  author={Patro, S and Sahu, Kishore Kumar},
  journal={arXiv preprint arXiv:1503.06462},
  year={2015}
}

@article{silhouette,
  title={Silhouettes: a graphical aid to the interpretation and validation of cluster analysis},
  author={Rousseeuw, Peter J},
  journal={Journal of computational and applied mathematics},
  volume={20},
  pages={53--65},
  year={1987},
  publisher={Elsevier}
}

@article{gapref,
  title={Estimating the number of clusters in a data set via the gap statistic},
  author={Tibshirani, Robert and Walther, Guenther and Hastie, Trevor},
  journal={Journal of the Royal Statistical Society: Series B (Statistical Methodology)},
  volume={63},
  number={2},
  pages={411--423},
  year={2001},
  publisher={Wiley Online Library}
}

@inproceedings{debar1992neural,
  title={A neural network component for an intrusion detection system},
  author={Debar, Herve and Becker, Monique and Siboni, Didier},
  booktitle={Research in Security and Privacy, 1992. Proceedings., 1992 IEEE Computer Society Symposium on},
  pages={240--250},
  year={1992},
  organization={IEEE}
}

@inproceedings{lane1997application,
  title={An application of machine learning to anomaly detection},
  author={Lane, Terran and Brodley, Carla E},
  booktitle={Proceedings of the 20th National Information Systems Security Conference},
  volume={377},
  pages={366--380},
  year={1997},
  organization={Baltimore, USA}
}

@article{labib2002nsom,
  title={NSOM: A real-time network-based intrusion detection system using self-organizing maps},
  author={Labib, Khaled and Vemuri, Rao},
  journal={Networks and Security},
  pages={1--6},
  year={2002}
}

@inproceedings{niyaz2016deep,
  title={A Deep Learning Approach for Network Intrusion Detection System},
  author={Niyaz, Quamar and Javaid, A and Sun, W and Alam, Mansoor},
  booktitle={Proceedings of the 9th EAI International Conference on Bio-inspired Information and Communications Technologies (Formerly BIONETICS), BICT},
  volume={15},
  pages={21--26},
  year={2016}
}

@article{hodo2017shallow,
  title={Shallow and Deep Networks Intrusion Detection System: A Taxonomy and Survey},
  author={Hodo, Elike and Bellekens, Xavier and Hamilton, Andrew and Tachtatzis, Christos and Atkinson, Robert},
  journal={arXiv preprint arXiv:1701.02145},
  year={2017}
}